<record><leader>00000cas a22000007a 4500</leader><controlfield tag="001">11434731</controlfield><controlfield tag="008">841129d18701922njuwr ne      0    0eng d</controlfield><datafield ind1=" " ind2=" " tag="010"><subfield code="a">sn 84038675 </subfield></datafield><datafield ind1=" " ind2=" " tag="040"><subfield code="a">NPX</subfield><subfield code="b">eng</subfield><subfield code="c">NPX</subfield><subfield code="d">NJW</subfield><subfield code="d">OCLCQ</subfield></datafield><datafield ind1=" " ind2=" " tag="042"><subfield code="a">msc</subfield></datafield><datafield ind1="0" ind2="4" tag="245"><subfield code="a">The Bayonne herald and Greenville register.</subfield></datafield><datafield ind1="3" ind2="0" tag="246"><subfield code="a">Bayonne herald &amp; Greenville register</subfield></datafield><datafield ind1=" " ind2=" " tag="260"><subfield code="a">Bayonne City, N.J. :</subfield><subfield code="b">Bayonne Print. Co.</subfield></datafield><datafield ind1=" " ind2=" " tag="300"><subfield code="a">v.</subfield></datafield><datafield ind1=" " ind2=" " tag="310"><subfield code="a">Weekly</subfield></datafield><datafield ind1="1" ind2=" " tag="362"><subfield code="a">Began with Feb. 4, 1870 issue; ceased in 1922?</subfield></datafield><datafield ind1=" " ind2=" " tag="500"><subfield code="a">Editor: Roswell Graves.</subfield></datafield><datafield ind1=" " ind2=" " tag="500"><subfield code="a">"Democratic."</subfield></datafield><datafield ind1=" " ind2=" " tag="588"><subfield code="a">Description based on: Vol. 8, no. 41 (Oct. 7, 1876).</subfield></datafield><datafield ind1=" " ind2=" " tag="752"><subfield code="a">United States</subfield><subfield code="b">New Jersey</subfield><subfield code="c">Hudson</subfield><subfield code="d">Bayonne.</subfield></datafield><datafield ind1="0" ind2="0" tag="780"><subfield code="t">Bayonne herald</subfield></datafield><datafield ind1="1" ind2=" " tag="029"><subfield code="a">AU@</subfield><subfield code="b">000025822718</subfield></datafield></record>